@book{ElmanKarpenkoMerkurjev,
author = "Richard Elman and Nikita Karpenko and Alexander Merkurjev",
title = "The Algebraic and Geometric Theory of Quadratic Forms",
publisher = "American Mathematical Society",
series = "Colloquium Publications",
volume = "56",
year = "2008"
}

@book {Lam,
    AUTHOR = {Lam, Tsit Yuen},
     TITLE = {Introduction to quadratic forms over fields},
    SERIES = {Graduate Studies in Mathematics},
    VOLUME = {67},
 PUBLISHER = {American Mathematical Society},
      YEAR = {2005}
}

@article{EssentialDimensionI3K,
author = "Patrick Brosnan and Zinovy Reichstein and Angelo Vistoli",
title = "Essential dimension, spinor groups, and quadratic forms",
journal = "Annals of Mathematics",
year = "2010",
volume = "171",
pages = "533--544"
}
@book{OrderingsLam,
author = "Tsit Yuen Lam",
title = "Orderings, valuations, and quadratic forms",
year = "1983",
publisher = "American Mathematical Society",
series = "CBMS Regional Conference Series in Mathematics"
}

@article{Milnor,
  author = {John Milnor},
  title = {Algebraic {$K$}-Theory and Quadratic Forms},
  journal = {Inventiones Mathematicae},
  year = {1970},
  volume = {9},
  pages = {318-344}
}

@article{OrlovVishikVoevodsky,
  author = {Dmitri Orlov and Alexander Vishik and Vladimir Voevodsky},
  title = {An exact sequence for {$K_\ast^M/2$} with applications to quadratic forms},
  year = {2007},
  journal = {Annals of Mathematics},
  volume = {165},
  number = {1},
  pages = {1--13}
}

@unpublished{Hat,
author = {Jeffrey Hatley},
title = {Hasse-Minkowski and the Local-to-Global Principle},
note = {Available at: \url{https://www.math.union.edu/~hatleyj/Capstone.pdf}},
year = {2009},
month = {4},
}

@book{Neu99,
author = "J{\"u}rgen Neukirch",
title = "Algebraic Number Theory",
year = "1999",
publisher = "Springer"
}

@book{Gerstein,
author = {Larry Gerstein},
title = {Basic Quadratic Forms},
publisher = {American Mathematical Society},
year = {2008},
series = {Graduate Studies in Mathematics},
}